@article{19,
	title = {Silent but brewing: {Reactive} ethnicity and interculturality among {Chinese} students in {Singapore}},
	volume = {40},
	url = {http://www.immi.se/intercultural/nr40/aricat.html},
	journal = {Journal of Intercultural Communication},
	author = {Jiang, Qiaolei  and Aricat, Rajiv George  and Chib, Arul and Chia, Alvin and Tan, Sie Mun and Tan, Lisa and Woo, Zhen Wei},
	year = {2016}
}

@article{45,
	title = {Perceived discrimination of international visitors to universities in {Germany} and the {UK}},
	volume = {96},
	doi = {10.1348/000712605X48296},
	number = {3},
	journal = {British Journal of Psychology},
	author = {Krahé, Barbara and Abraham, Charles and Felber, Juliane and Helbig, Muriel K.},
	year = {2005},
	pages = {263--281}
}


@article{46,
	title = {Endorsement of assimilationism among ethnic minority and majority youth in a multination-multiethnic context: {The} case of {Brussels}},
	volume = {27},
	doi = {10.1093/esr/jcq003},
	number = {2},
	journal = {European Sociological Review},
	author = {Teney, C.},
	year = {2011},
	pages = {212--229}
}

@thesis{91,
  author     = {Chang, Tiffany Kirtying},
  title      = {Psychological distress of {A}sian international students: Applying intergroup contact theory},
  titleaddon = {Doctoral dissertation, {Indiana University}},
  publisher  = {{ProQuest Dissertations and Theses Global}},
  type       = {Publication},
  number     = {10289373},
  year       = {2017}
}

@article{93,
	title = {Contact, political solidarity and collective action: {An} {Indian} case study of relations between historically disadvantaged communities},
	volume = {27},
	doi = {10.1002/casp.2296},
	number = {1},
	journal = {Journal of Community \& Applied Social Psychology},
	author = {Dixon, John and Çakal, Huseyin and Khan, Waheeda and Osmany, Meena and Majumdar, Sramana and Hassan, Mudassir},
	year = {2017},
	pages = {83--95}
}

@article{244,
	title = {Intergroup contact and evaluations of race-based exclusion in urban minority children and adolescents},
	volume = {40},
	doi = {10.1007/s10964-010-9600-z},
	number = {6},
	journal = {Journal of Youth and Adolescence},
	author = {Ruck, Martin D. and Park, Henry and Killen, Melanie and Crystal, David S.},
	year = {2011},
	pages = {633--643}
}

@article{284,
	title = {An investigation of the social identity model of collective action and the ‘sedative’ effect of intergroup contact among {Black} and {White} students in {South} {Africa}},
	volume = {50},
	doi = {10.1111/j.2044-8309.2011.02075.x},
	number = {4},
	journal = {British Journal of Social Psychology},
	author = {Çakal, Huseyin and Hewstone, Miles and Schwär, Gerhard and Heath, Anthony},
	year = {2011},
	pages = {606--627}
}

@article{286,
	title = {"{If} we become friends, maybe {I} can change my perspective”: {Intergroup} contact, endorsement of conflict narratives, and peace-related attitudes in {Turkey}},
	volume = {23},
	doi = {10.1037/pac0000216},
	number = {3},
	journal = {Peace and Conflict: Journal of Peace Psychology},
	author = {Uluğ, Özden Melis and Cohrs, J. Christopher},
	year = {2017},
	pages = {278--287}
}

@thesis{303,
  author     = {Jones, Merrill L.},
  title      = {Attitudes and experiences of close interethnic friendships among {Native} emerging adults: {A} mixed-methods investigation},
  titleaddon = {Doctoral dissertation, {Utah State University}},
  publisher  = {{ProQuest Dissertations and Theses Global}},
  type       = {Publication},
  number     = {1871606658},
  year       = {2017}
}

@article{322,
	title = {Intended, unintended, and unknown consequences of contact: {The} role of positive-negative contact on outgroup attitudes, collective action tendencies, and psychological well-being},
	volume = {50},
	doi = {10.1027/1864-9335/a000355},
	number = {1},
	journal = {Social Psychology},
	author = {Bagci, Sabahat C. and Turnuklu, Abbas},
	year = {2019},
	pages = {7--23 }
}

@article{324,
	title = {The specter of discrimination: {Fear} of interpersonal racial discrimination among adolescents in {Chicago}},
	volume = {55},
	doi = {10.1016/j.ssresearch.2015.09.010},
	journal = {Social Science Research},
	author = {Herda, Daniel E.},
	year = {2016},
	pages = {48--62}
}

@article{325,
	title = {Let the racism tell you who your friends are: {The} effects of racism on social connections and life-satisfaction for {Multiracial} people},
	volume = {69},
	doi = {10.1016/j.ijintrel.2018.12.005},
	journal = {International Journal of Intercultural Relations},
	author = {Franco, Marisa},
	year = {2019},
	pages = {54--65}
}

@article{336,
	title = {A paradox of integration? {Interracial} contact, prejudice reduction, and perceptions of racial discrimination: a paradox of integration},
	volume = {66},
	doi = {10.1111/j.1540-4560.2010.01652.x},
	number = {2},
	journal = {Journal of Social Issues},
	author = {Dixon, John and Durrheim, Kevin and Tredoux, Colin and Tropp, Linda R. and Clack, Beverley and Eaton, Liberty},
	year = {2010},
	pages = {401--416}
}

@article{401,
	title = {When {East} meets {West}: {A} longitudinal examination of the relationship between group relative deprivation and intergroup contact in reunified {Germany}: {Group} relative deprivation and intergroup contact},
	volume = {51},
	doi = {10.1111/j.2044-8309.2011.02056.x},
	number = {2},
	journal = {British Journal of Social Psychology},
	author = {Koschate, Miriam and Hofmann, Wilhelm and Schmitt, Manfred},
	year = {2012},
	pages = {290--311}
}

@article{414,
	title = {Cross-group friendships and psychological well-being: {A} dual pathway through social integration and empowerment},
	volume = {57},
	doi = {10.1111/bjso.12267},
	number = {4},
	journal = {British Journal of Social Psychology},
	author = {Bagci, Sabahat C. and Turnuklu, Abbas and Bekmezci, Eyup},
	year = {2018},
	pages = {773--792}
}

@article{423,
	title = {Imagined contact facilitates acculturation, sometimes: {Contradicting} evidence from two sociocultural contexts},
	volume = {25},
	doi = {10.1037/cdp0000256},
	number = {4},
	journal = {Cultural Diversity and Ethnic Minority Psychology},
	author = {Bagci, Sabahat C. and Stathi, Sofia and Piyale, Zeynep Ecem},
	year = {2019},
	pages = {539--552}
}

@article{480,
	title = {Discriminación percibida y autoestima en jóvenes de grupos minoritarios y mayoritarios en {Costa} {Rica} [{Perceived} discrimination and self-esteem among ethnic majority and minority youths in {Costa} {Rica}]},
	volume = {39},
	number = {1},
	journal = {Revista Interamericana de Psicología},
	author = {Castro, Vanessa Smith},
	year = {2005},
	pages = {93--106}
}

@article{609,
	title = {Facilitating adaptation and intercultural contact: {The} role of integration and multicultural ideology in dominant and non-dominant groups},
	volume = {45},
	doi = {10.1016/j.ijintrel.2015.01.002},
	journal = {International Journal of Intercultural Relations},
	author = {Hui, Bryant Pui Hung and Chen, Sylvia Xiaohua and Leung, Cynthia Man and Berry, John W.},
	year = {2015},
	pages = {70--84}
}

@article{703,
	title = {Racial identity, social context, and race-related social cognition in {African} {Americans} during middle childhood.},
	volume = {44},
	doi = {10.1037/a0013349},
	number = {6},
	journal = {Developmental Psychology},
	author = {Rowley, Stephanie J. and Burchinal, Margaret R. and Roberts, Joanne E. and Zeisel, Susan A.},
	year = {2008},
	pages = {1537--1546}
}

@article{733,
	title = {Sociocultural adjustment among sojourning {Malaysian} students in {Britain}: a replication and path analytic extension},
	volume = {45},
	doi = {10.1007/s00127-009-0042-4},
	number = {1},
	journal = {Social Psychiatry and Psychiatric Epidemiology},
	author = {Swami, Viren and Arteche, Adriane and Chamorro-Premuzic, Tomas and Furnham, Adrian},
	year = {2010},
	pages = {57--65}
}

@article{783,
	title = {Host national identification of immigrants in the {Netherlands}},
	volume = {48},
	doi = {10.1111/imre.12063},
	number = {1},
	journal = {International Migration Review},
	author = {{de Vroome}, Thomas and Verkuyten, Maykel and Martinovic, Borja},
	year = {2014},
	pages = {1--27}
}

@article{789,
	title = {The effect of {Jewish}–{Palestinian} mixed-model encounters on readiness for contact and policy support},
	volume = {23},
	doi = {10.1037/pac0000220},
	number = {3},
	journal = {Peace and Conflict: Journal of Peace Psychology},
	author = {Shani, Maor and Boehnke, Klaus},
	year = {2017},
	pages = {219--227}
}

@article{803,
	title = {The relationships of intergroup contact to social identity and political consciousness},
	volume = {12},
	url = {http://journals.sagepub.com/doi/10.1177/07399863900123001},
	doi = {10.1177/07399863900123001},
	number = {3},
	journal = {Hispanic Journal of Behavioral Sciences},
	author = {Rodriguez, Jaclyn and Gurin, Patricia},
	year = {1990},
	pages = {235--255}
}

@article{813,
	title = {The irony of harmony: Intergroup contact can produce false expectations for equality},
	volume = {20},
	doi = {10.1111/j.1467-9280.2008.02261.x},
	number = {1},
	journal = {Psychological Science},
	author = {Saguy, Tamar and Tausch, Nicole and Dovidio, John F. and Pratto, Felicia},
	year = {2009},
	pages = {114--121}
}

@article{823,
	title = {Satisfaction with social and educational experiences among international graduate students},
	volume = {36},

	doi = {10.1007/BF02207908},
	number = {4},
	journal = {Research in Higher Education},
	author = {Perrucci, Robert and Hu, Hong},
	year = {1995},
	pages = {491--508}
}

@article{829,
	title = {The acculturation and adaptation of {Turkish} adolescents in {North-Western Europe}},
	volume = {11},
	doi = {10.1080/10888690701454617},
	number = {3},
	journal = {Applied Developmental Science},
	author = {Vedder, Paul and Sam, David L. and Liebkind, Karmela},
	year = {2007},
	pages = {126--136}
}

@thesis{830,
  author     = {Kim, Tae Yeun},
  title      = {The influence of perceived racial discrimination on depressive symptoms and school outcomes among Asian American adolescents},
  titleaddon = {Doctoral dissertation, {The University of Chicago}},
  publisher  = {{ProQuest Dissertations and Theses Global}},
  type       = {Publication},
  number     = {1722273254},
  year       = {2015}
}

@article{856,
	title = {Intergroup contact and minority group empowerment: {The} perspective of {Roma} and non-{Roma} adolescents in {Macedonia}},
	volume = {27},
	doi = {10.1002/casp.2320},
	number = {5},
	journal = {Journal of Community \& Applied Social Psychology},
	author = {Kamberi, Ermira and Martinovic, Borja and Verkuyten, Maykel},
	year = {2017},
	pages = {424--434}
}

@article{893,
	title = {Perceived in-group density and psychological adjustment in a sample of {Northern} {Irish} {Catholics} and {Protestants}},
	volume = {55},
	doi = {10.21909/sp.2013.03.639},
	number = {3},
	journal = {Studia Psychologica},
	author = {Mallet, John and Lewis, Christopher Alan and Cairns, Ed},
	year = {2013},
	pages = {229--246}
}

@thesis{894,
  author     = {Lubensky, Micah Elan},
  title      = {An unplanned trade-off? The potential conflict between reducing prejudice and supporting engagement in collective action},
  titleaddon = {Doctoral dissertation, {University of California, Santa Cruz}},
  publisher  = {{ProQuest Dissertations and Theses Global}},
  type       = {Publication},
  number     = {305198479},
  year       = {2004}
}

@article{933,
	title = {Perceived discrimination and interracial contact: {Predicting} interracial closeness among {Black} and {White} {Americans}},
	volume = {70},
	doi = {10.1177/019027250707000108},
	number = {1},
	journal = {Social Psychology Quarterly},
	author = {Tropp, Linda R.},
	year = {2007},
	pages = {70--81}
}

@article{956,
	title = {Intergroup contact and social change: Implications of negative and positive contact for collective action in advantaged and disadvantaged groups},
	volume = {43},
	doi = {10.1177/0146167216676478},
	number = {1},
	journal = {Personality and Social Psychology Bulletin},
	author = {Reimer, Nils Karl and Becker, Julia C. and Benz, Angelika and Christ, Oliver and Dhont, Kristof and Klocke, Ulrich and Neji, Sybille and Rychlowska, Magdalena and Schmid, Katharina and Hewstone, Miles},
	year = {2017},
	pages = {121--136}
}

@article{1020,
	title = {Predictors of sociocultural adjustment among sojourning {Malaysian} students in {Britain}},
	volume = {44},
	doi = {10.1080/00207590801888745},
	number = {4},
	journal = {International Journal of Psychology},
	author = {Swami, Viren},
	year = {2009},
	pages = {266--273}
}

@article{1042,
	title = {Interethnic contact, curriculum, and attitudes in the first year of college},
	volume = {60},
	doi = {10.1111/j.0022-4537.2004.00100.x},
	number = {1},
	journal = {Journal of Social Issues},
	author = {Lopez, Gretchen E.},
	year = {2004},
	pages = {75--94}
}

@article{1045,
	title = {Racial/ethnic discrimination and adolescents’ well-being: the role of cross-ethnic friendships and friends’ experiences of discrimination},
	volume = {88},
	doi = {10.1111/cdev.12606},
	number = {2},
	journal = {Child Development},
	author = {Benner, Aprile D. and Wang, Yijie},
	year = {2017},
	pages = {493--504}
}

@article{1114,
	title = {Intergroup contact as a predictor of violent and nonviolent collective action: {Evidence} from {Syrian} refugees and {Lebanese} nationals},
	volume = {23},
	doi = {10.1037/pac0000234},
	number = {3},
	journal = {Peace and Conflict: Journal of Peace Psychology},
	author = {Saab, Rim and Harb, Charles and Moughalian, Catherine},
	year = {2017},
	pages = {297--306}
}

@thesis{1163,
  author     = {Cruse, Sharla L.},
  title      = {The relationship of ethnic identity, perceived discrimination, and outgroup contact to racial attitudes toward {White} people in {African} {American} college students},
  titleaddon = {Doctoral dissertation, {University of Kansas}},
  publisher  = {{ProQuest Dissertations and Theses Global}},
  type       = {Publication},
  number     = {1708665313},
  year       = {2015}
}

@thesis{1221,
  author     = {Tostado, Philip},
  title      = {When you aren't who your friends are: {The} moderating influence of racial similarity on the association between friendships and mental well-being},
  titleaddon = {Master’s thesis, {Portland State University}},
  publisher  = {{ProQuest Dissertations and Theses Global}},
  type       = {Publication},
  number     = {1949722931},
  year       = {2017}
}

@article{1248,
	title = {Predicting support for collective action in the conflict between {Turks} and {Kurds}: {Perceived} threats as a mediator of intergroup contact and social identity},
	volume = {19},
	doi = {10.1177/1368430216641303},
	number = {6},
	journal = {Group Processes \& Intergroup Relations},
	author = {Çakal, Huseyin and Hewstone, Miles and Güler, Meltem and Heath, Anthony},
	year = {2016},
	pages = {732--752}
}

@article{1376,
	title = {Beyond the irony of intergroup contact: {The} effects of contact and threat on political participation and support for political violence in {Northern} {Ireland}.},
	volume = {21},
	doi = {10.1037/gdn0000074},
	number = {4},
	journal = {Group Dynamics: Theory, Research, and Practice},
	author = {McKeown, Shelley and Taylor, Laura K.},
	year = {2017},
	pages = {234--244}
}

@article{1386,
	title = {Intergroup contact and attitudes toward the principle and practice of racial equality},
	volume = {18},
	doi = {10.1111/j.1467-9280.2007.01993.x},
	number = {10},
	journal = {Psychological Science},
	author = {Dixon, John and Durrheim, Kevin and Tredoux, Colin},
	year = {2007},
	pages = {867--872}
}

@article{1395,
	title = {Language and interpersonal resource predictors of psychological and sociocultural adaptation: international students in {Hong} {Kong}},
	volume = {23},
	doi = {10.1177/1028315318825336},
	number = {5},
	journal = {Journal of Studies in International Education},
	author = {Yu, Baohua and Bodycott, Peter and Mak, Anita S.},
	year = {2019},
	pages = {572--588}
}

@thesis{1407,
  author     = {Head, Rachel Nicole},
  title      = {Coping with perceived discrimination},
  titleaddon = {Doctoral dissertation, {North Carolina State University}},
  publisher  = {{ProQuest Dissertations and Theses Global}},
  type       = {Publication},
  number     = {1513591939},
  year       = {2013}
}

@article{1411,
	title = {Interreligious contact, perceived group threat, and perceived discrimination: Predicting negative attitudes among religious minorities and majorities in {Indonesia}},
	volume = {78},
	doi = {10.1177/0190272514564790},
	number = {2},
	journal = {Social Psychology Quarterly},
	author = {Kanas, Agnieszka and Scheepers, Peer and Sterkens, Carl},
	year = {2015},
	pages = {102--126}
}

@article{1412,
	title = {The contact–prejudice relationship among ethnic minorities: Examining personal discrimination as a boundary condition},
	volume = {39},
	doi = {10.1080/01419870.2015.1110609},
	number = {10},
	journal = {Ethnic and Racial Studies},
	author = {Thomsen, Jens Peter Frølund and Rafiqi, Arzoo},
	year = {2016},
	pages = {1886--1904}
}

@thesis{1494,
  author     = {Herda, Daniel E.},
  title      = {Hostile contact: {Self}-reports of interpersonal discrimination among {Blacks}, {Whites} and {Latinos} in {Chicago}},
  titleaddon = {Doctoral dissertation, {University of California, Davis}},
  publisher  = {{ProQuest Dissertations and Theses Global}},
  type       = {Publication},
  number     = {1467751578},
  year       = {2013}
}

@article{1525,
	title = {Ethnic peer preferences among asian american adolescents in emerging immigrant communities},
	volume = {21},
	doi = {10.1111/j.1532-7795.2011.00750.x},
	language = {en},
	number = {4},
	journal = {Journal of Research on Adolescence},
	author = {Kiang, Lisa and Peterson, Jamie Lee and Thompson, Taylor L.},
	year = {2011},
	pages = {754--761}
}

@thesis{1549,
  author     = {Forbes, John Murch},
  title      = {Affirmative action attitudes in black and white},
  titleaddon = {Doctoral dissertation, {Wayne State University}},
  publisher  = {{ProQuest Dissertations and Theses Global}},
  type       = {Publication},
  number     = {304725597},
  year       = {2001}
}

@article{1576,
	title = {Strangers still? {The} experience of discrimination among {Chinese} {Americans}},
	volume = {30},
	doi = {10.1002/jcop.9998},
	number = {2},
	journal = {Journal of Community Psychology},
	author = {Goto, Sharon G. and Gee, Gilbert C. and Takeuchi, David T.},
	year = {2002},
	pages = {211--224}
}

@article{1614,
	title = {Support for {Kurdish} language rights in {Turkey}: The roles of ethnic group, group identifications, contact, and intergroup perceptions},
	volume = {39},
	doi = {10.1080/01419870.2015.1103881},
	number = {6},
	journal = {Ethnic and Racial Studies},
	author = {Çelebi, Elif and Verkuyten, Maykel and Smyrnioti, Natasa},
	year = {2016},
	pages = {1034--1051}
}

@article{1658,
	title = {How contact experiences shape welcoming: perspectives from {U}.{S}.-born and immigrant groups},
	volume = {81},
	doi = {10.1177/0190272517747265},
	number = {1},
	journal = {Social Psychology Quarterly},
	author = {Tropp, Linda R. and Okamoto, Dina G. and Marrow, Helen B. and Jones-Correa, Michael},
	year = {2018},
	pages = {23--47}
}

@article{1695,
	title = {Perpetuating one’s own disadvantage: intergroup contact enables the ideological legitimation of inequality},
	volume = {39},
	doi = {10.1177/0146167213497593},
	number = {11},
	journal = {Personality and Social Psychology Bulletin},
	author = {Sengupta, Nikhil K. and Sibley, Chris G.},
	year = {2013},
	pages = {1391--1403}
}

@article{1743,
	title = {Cross-ethnic friendships, perceived discrimination, and their effects on ethnic activism over time: {A} longitudinal investigation of three ethnic minority groups},
	volume = {51},
	doi = {10.1111/j.2044-8309.2011.02050.x},
	number = {2},
	journal = {British Journal of Social Psychology},
	author = {Tropp, Linda R. and Hawi, Diala R. and Van Laar, Colette and Levin, Shana},
	year = {2012},
	pages = {257--272}
}

@article{1762,
	title = {Contact and the personal/group discrimination discrepancy in an {Inuit} community},
	volume = {136},
	doi = {10.1080/00223980209604164},
	number = {4},
	journal = {The Journal of Psychology},
	author = {Poore, Abigail G. and Gagne, Faby and Barlow, Kelly M. and Lydon, John E. and Taylor, Donald M. and Wright, Stephen C.},
	year = {2002},
	pages = {371--382}
}

@article{1807,
	title = {Return wishes of refugees in the {Netherlands}: {The} role of integration, host national identification and perceived discrimination},
	volume = {41},
	doi = {10.1080/1369183X.2015.1023184},
	number = {11},
	journal = {Journal of Ethnic and Migration Studies},
	author = {Di Saint Pierre, Francesca and Martinovic, Borja and De Vroome, Thomas},
	year = {2015},
	pages = {1836--1857}
}

@thesis{1850,
  author     = {{McGinley}, James E.},
  title      = {Expatriate adjustment: {Resources}, responses, and outcomes},
  titleaddon = {Doctoral dissertation, {Northcentral University}},
  publisher  = {{ProQuest Dissertations and Theses Global}},
  type       = {Publication},
  number     = {304704480},
  year       = {2007}
}

@thesis{1891,
  author     = {Shammas, Diane},
  title      = {Expatriate adjustment: {Resources}, responses, and outcomes},
  titleaddon = {Doctoral dissertation, {Northcentral University}},
  publisher  = {{ProQuest Dissertations and Theses Global}},
  type       = {Publication},
  number     = {304998456},
  year       = {2009}
}

@article{1914,
	title = {Predictores de la adaptación sociocultural de estudiantes universitarios extranjeros en {Argentina} [{Predictors} of socio-cultural adaptation of foreign university students in {Argentina}]},
	volume = {30},
	number = {2},
	journal = {Interdisciplinaria},
	author = {Castro Solano, Alejandro and Lupano Perugini, María Laura},
	year = {2013},
	pages = {265--281}
}

@article{1949,
	title = {An ecological approach to psychological adjustment: {A} field survey among refugees in {Germany}},
	volume = {68},
	doi = {10.1016/j.ijintrel.2018.10.003},
	journal = {International Journal of Intercultural Relations},
	author = {Haase, Anna and Rohmann, Anette and Hallmann, Katrin},
	year = {2019},
	pages = {44--54}
}

@article{1966,
	title = {Friendship homophily among diaspora migrant adolescents in {Germany} and {Israel}},
	volume = {12},
	doi = {10.1027/1016-9040.12.3.181},
	number = {3},
	journal = {European Psychologist},
	author = {Titzmann, Peter F. and Silbereisen, Rainer K. and Schmitt-Rodermund, Eva},
	year = {2007},
	pages = {181--195}
}

@article{1993,
	title = {Identity conflict in sojourners},
	volume = {24},
	doi = {10.1016/S0147-1767(00)00030-4},
	number = {6},
	journal = {International Journal of Intercultural Relations},
	author = {Leong, Chan-Hoong and Ward, Colleen},
	year = {2000},
	pages = {763--776}
}

@article{2001,
	title = {Neighborhood racial composition and perceptions of racial discrimination: Evidence from the {Black} women's health study},
	volume = {70},
	doi = {10.1177/019027250707000306},
	number = {3},
	journal = {Social Psychology Quarterly},
	author = {Hunt, Matthew O. and Wise, Lauren A. and Jipguep, Marie-Claude and Cozier, Yvette C. and Rosenberg, Lynn},
	year = {2007},
	pages = {272--289}
}

@thesis{2023,
  author     = {Bagci, Sabahat C.},
  title      = {Cross-ethnic friendships in multiethnic educational settings: {Consequences} for psychological, academic and motivational outcomes among young adolescents},
  titleaddon = {Doctoral dissertation, {Goldsmiths, University of London}},
  publisher  = {{ProQuest Dissertations and Theses Global}},
  type       = {Publication},
  number     = {1779551294},
  year       = {2014}
}

@article{2033,
	title = {Renewed promise for positive cross-group contact: {The} role of supportive contact in empowering collective action.},
	volume = {48},
	doi = {10.1037/cbs0000058},
	number = {4},
	journal = {Canadian Journal of Behavioural Science / Revue canadienne des sciences du comportement},
	author = {Droogendyk, Lisa and Louis, Winnifred R. and Wright, Stephen C.},
	year = {2016},
	pages = {317--327}
}

@article{2075,
	title = {Friend or ally: {Whether} cross-group contact undermines collective action depends on what advantaged group members say (or don’t say)},
	volume = {39},
	doi = {10.1177/0146167213477155},
	number = {4},
	journal = {Personality and Social Psychology Bulletin},
	author = {Becker, Julia C. and Wright, Stephen C. and Lubensky, Micah E. and Zhou, Shelly},
	year = {2013},
	pages = {442--455}
}

@article{2257,
	title = {The buffering role of in-group identification and intergroup contact on the association between perceived discrimination and mental health},
	volume = {28},
	doi = {10.1002/casp.2357},
	number = {5},
	journal = {Journal of Community \& Applied Social Psychology},
	author = {Bagci, Sabahat C. and Turnuklu, Abbas and Bekmezci, Eyup},
	year = {2018},
	pages = {293--305}
}

@article{2309,
	title = {How negative contact and positive contact with {Whites} predict collective action among racial and ethnic minorities},
	volume = {57},
	doi = {10.1111/bjso.12220},
	number = {1},
	journal = {British Journal of Social Psychology},
	author = {Hayward, Lydia E. and Tropp, Linda R. and Hornsey, Matthew J. and Barlow, Fiona Kate},
	year = {2018},
	pages = {1--20}
}

@thesis{2333,
  author     = {Saenz, Victor Benito},
  title      = {Breaking the cycle of segregation: Examining students' pre-college racial environments and their diversity experiences in college},
  titleaddon = {Doctoral dissertation, {University of California, Los Angeles}},
  publisher  = {{ProQuest Dissertations and Theses Global}},
  type       = {Publication},
  number     = {305002370},
  year       = {2005}
}

@article{2341,
	title = {Identity and attitudinal reactions to perceptions of inter-group interactions among ethnic migrants: A longitudinal study},
	volume = {51},
	doi = {10.1111/j.2044-8309.2011.02059.x},
	number = {2},
	journal = {British Journal of Social Psychology},
	author = {Jasinskaja-Lahti, Inga and Mähönen, Tuuli Anna and Liebkind, Karmela},
	year = {2012},
	pages = {312--329}
}

@article{2375,
	title = {How does intergroup contact affect social change? {Its} impact on collective action and individual mobility intentions among members of a disadvantaged group},
	volume = {71},
	doi = {10.1111/josi.12127},
	number = {3},
	journal = {Journal of Social Issues},
	author = {Tausch, Nicole and Saguy, Tamar and Bryson, Jeff},
	year = {2015},
	pages = {536--553}
}

@article{3000,
	title = {Psychological and academic adaptation of mainland {Chinese} students in {Hong} {Kong} universities},
	doi = {10.1080/03075079.2019.1693991},
	journal = {Studies in Higher Education},
	author = {Yu, Baohua and Mak, Anita S. and Bodycott, Peter},
	year = {2019},
	pages = {1--13}
}

@article{3005,
	title = {Young immigrants in {Norway}: {The} role of national and ethnic identity in immigrants’ integration},
	volume = {61},
	doi = {10.1111/sjop.12594},
	number = {2},
	journal = {Scandinavian Journal of Psychology},
	author = {Martiny, Sarah E. and Froehlich, Laura and Soltanpanah, Jilwan and Haugen, Maria S.},
	year = {2020},
	pages = {312--324}
}

@article{3051,
	title = {Group discrimination, intergroup contact, and ethnic minority members’ reactions toward the majority},
	doi = {10.1177/1468796820909493},
	journal = {Ethnicities},
	author = {Rafiqi, Arzoo and Thomsen, Jens Peter Frølund},
	year = {2020}
}

@article{3054,
	title = {A large-scale test of the link between intergroup contact and support for social change},
	volume = {4},
	doi = {10.1038/s41562-019-0815-z},
	number = {4},
	journal = {Nature Human Behaviour},
	author = {Hässler, Tabea and Ullrich, Johannes and Bernardino, Michelle and Shnabel, Nurit and Laar, Colette Van and Valdenegro, Daniel and Sebben, Simone and Tropp, Linda R. and Visintin, Emilio Paolo and González, Roberto and Ditlmann, Ruth K. and Abrams, Dominic and Selvanathan, Hema Preya and Branković, Marija and Wright, Stephen and von Zimmermann, Jorina and Pasek, Michael and Aydin, Anna Lisa and Žeželj, Iris and Pereira, Adrienne and Lantos, Nóra Anna and Sainz, Mario and Glenz, Andreas and Oberpfalzerová, Hana and Bilewicz, Michal and Kende, Anna and Kuzawinska, Olga and Otten, Sabine and Maloku, Edona and Noor, Masi and Gul, Pelin and Pistella, Jessica and Baiocco, Roberto and Jelic, Margareta and Osin, Evgeny and Bareket, Orly and Biruski, Dinka Corkalo and Cook, Jonathan E. and Dawood, Maneeza and Droogendyk, Lisa and Loyo, Angélica Herrera and Kelmendi, Kaltrina and Ugarte, Luiza Mugnol},
	year = {2020},
	pages = {380--386}
}

@article{3060,
	title = {Inflammation mediates the effect of discrimination, religiosity, and friendship network on expression of the {Tp53} cancer suppressor gene},
	volume = {7},
	doi = {10.1016/j.ssmph.2019.100389},
	journal = {SSM - Population Health},
	author = {Simons, Ronald L. and Lei, Man-Kit and Carter, Sierra and Beach, Steven R.H. and Gibbons, Frederick X. and Gerrard, Meg and Philibert, Robert A.},
	year = {2019},
	pages = {100389}
}

@article{3134,
	title = {What factors best explain national identification among {Muslim} adolescents? {Evidence} from four {European} countries},
	volume = {46},
	doi = {10.1080/1369183X.2019.1578203},
	number = {1},
	journal = {Journal of Ethnic and Migration Studies},
	author = {Leszczensky, Lars and Maxwell, Rahsaan and Bleich, Erik},
	year = {2020},
	pages = {260--276}
}

@article{3196,
	title = {Fostering social change among advantaged and disadvantaged group members: {Integrating} intergroup contact and social identity perspectives on collective action},
	doi = {10.1177/1368430219889134},
	journal = {Group Processes \& Intergroup Relations},
	author = {Di Bernardo, Gian Antonio and Vezzali, Loris and Stathi, Sofia and McKeown Jones, Shelley and Cocco, Veronica Margherita and Saguy, Tamar and Dixon, John},
	year = {2019}
}

@article{3201,
	title = {Support for ‘normalization’ of relations between {Palestinians} and {Israelis}, and how it relates to contact and resistance in the {West} {Bank}},
	volume = {7},
	doi = {10.5964/jspp.v7i2.877},
	number = {2},
	journal = {Journal of Social and Political Psychology},
	author = {Albzour, Mai and Penic, Sandra and Nasser, Randa and Green, Eva G. T.},
	year = {2019},
	pages = {978--996}
}

@article{3205,
	title = {Interminority contact and solidarity under conflict: {Evidence} from the {Hungarian} and {Roma} minorities in {Romania}},
	volume = {41},
	doi = {10.1080/01973533.2019.1652179},
	number = {5},
	journal = {Basic and Applied Social Psychology},
	author = {Cernat, Vasile},
	year = {2019},
	pages = {326--339}
}

@article{4000,
	title = {Positive and negative intergroup contact and shared reality: {Contact} effects among host society and refugees},
	volume = {50},
	doi = {10.1002/ejsp.2601},
	number = {1},
	journal = {European Journal of Social Psychology},
	author = {Lutterbach, Sebastian and Beelmann, Andreas},
	year = {2020},
	pages = {143--159}
}

@article{4001,
	title = {Effects of intergroup contact and relative gratification vs deprivation on prejudice on both sides of the {U}.{S}./{Mexico} status divide},
	volume = {50},
	doi = {10.1111/jasp.12669},
	number = {7},
	journal = {Journal of Applied Social Psychology},
	author = {Eller, Anja and Abrams, Dominic and Wright, Stephen C. and Davies, Ben},
	year = {2020},
	pages = {406--417}
}

@article{4002,
	title = {Majority group belonging without minority group distancing? {Minority} experiences of intergroup contact and inequality},
	doi = {10.1111/bjso.12382},
	journal = {British Journal of Social Psychology},
	author = {Kende, Judit and Baysu, Gülseli and Van Laar, Colette and Phalet, Karen},
	year = {2020},
	pages = {bjso.12382}
}

@article{4003,
	title = {Positive and negative intergroup contact predict {Black} and {White} {Americans}' judgments about police violence against {Black} {Americans}},
	volume = {47},
	doi = {10.1111/jasp.12463},
	number = {11},
	journal = {Journal of Applied Social Psychology},
	author = {Hayward, Lydia E. and Hornsey, Matthew J. and Tropp, Linda R. and Barlow, Fiona Kate},
	year = {2017},
	pages = {605--615}
}

@article{4004,
	title = {National identification counteracts the sedative effect of positive intergroup contact on ethnic activism},
	volume = {8},
	doi = {10.3389/fpsyg.2017.00477},
	journal = {Frontiers in Psychology},
	author = {Pereira, Adrienne and Green, Eva G. T. and Visintin, Emilio Paolo},
	year = {2017}
}

@article{4005,
	title = {Intergroup contact can undermine disadvantaged group members' attributions to discrimination},
	volume = {48},
	doi = {10.1016/j.jesp.2012.01.003},
	number = {3},
	journal = {Journal of Experimental Social Psychology},
	author = {Saguy, Tamar and Chernyak-Hai, Lily},
	year = {2012},
	pages = {714--720}
}

@online{2380,
  author         = {Reimer, Nils Karl and Kamble, Shanmukh Vasant and Schmid, Katharina and Hewstone, Miles},
  title          = {Intergroup contact fosters more inclusive social identities},
  eprint         = {PsyArXiv},
  doi            = {10.31234/osf.io/zcgwt},
  year           = {2020}
}

@dataset{2382,
  entrysubtype = {Unpublished dataset},
  author       = {Schäfer, Sarina J. and Bracegirdle, Chloe and Christ, Oliver and Hewstone, Miles and Jaspers, Eva and Reimer, Nils Karl and Wölfer, Ralf},
  title        = {Positive-negative asymmetry of intergroup contact: A dynamic approach},
  year         = {2018}
}

@dataset{2381,
  entrysubtype = {Unpublished dataset},
  author       = {Sengupta, Nikhil K. and Sibley, Chris G.},
  title        = {Intergroup contact and political attitudes among ethnic minorities in {New Zealand}},
  institution  = {The University of Auckland},
  year         = {2020}
}

@dataset{2383,
  entrysubtype = {Unpublished dataset},
  author       = {Wölfer, Ralf and Hewstone, Miles},
  title        = {Social integration in diverse societies: The importance of contact experiences in youth},
  institution  = {University of Oxford},
  year         = {2019}
}

@dataset{2385,
  entrysubtype = {Unpublished dataset},
  author       = {Sengupta, Nikhil K.},
  title        = {Inter-religious contact in {India}},
  institution  = {University of Kent},
  year         = {2020}
}

@DATASET{2391,
  TITLEADDON     = {Unpublished longitudinal data on the intergroup contact experiences of {African} immigrants in {Italy}},
  INSTITUTION    = {University of Oxford},
  AUTHOR         = {Prati, Francesca and Kenfack, S. K. and Rubini, Monica and Hewstone, Miles},
  year           = {2020}
}

@dataset{2392,
  entrysubtype = {Unpublished dataset},
  author       = {Sengupta, Nikhil K.},
  title        = {Inter-caste contact in {India}},
  institution  = {University of Kent},
  year         = {2020}
}

@unpublished{2394,
  author         = {Twali, Michelle Sinayobye and Tran, Julia and Stewart, Andrew L. and Vollhardt, Johanna Ray},
  title          = {Understanding Proactive Behaviour in the Workplace as a function of gender},
  institution    = {University of Kansas},
  howpublished   = {maninprep},
  year           = {2020}
}

@unpublished{2395,
  author         = {Bagci, Sabahat C. and Stathi, Sofia},
  title          = {Secure and insecure ingroup identification as mediators between identity threat and psychological well-being and intergroup bias},
  howpublished   = {maninprep},
  year           = {2020}
}

@article{2396,
  author         = {Bagci, Sabahat C. and Verkuyten, Maykel and Koc, Yasin and Turnuklu, Abbas and Piyale, Zeynep Ecem and Bekmezci, Eyup},
  title          = {Being tolerated and being discriminated against: Links to psychological well-being through threatened social identity needs},  
  doi = {10.1002/ejsp.2699},
  volume = {50},
  issue = {7},
  pages = {1463--1477},
  year = {2020},
  journal        = {European Journal of Social Psychology}
}

@dataset{2397,
  entrysubtype = {Unpublished dataset},
  author       = {Bond, Julian and Dixon, John},
  title        = {{White} and {Black} {UK} residents' support for collective action for the removal of public symbols associated with historical racism in {England}},
  institution  = {The Open University},
  year         = {2020}
}

@dataset{2398,
  entrysubtype = {Unpublished dataset},
  author       = {Bracegirdle, C.},
  title        = {Social network study of two diverse schools in {Northern England}},
  institution  = {University of Oxford},
  year         = {2020}
}

@online{2399,
  author         = {Reimer, Nils Karl and Love, Angelika and Wölfer, Ralf and Hewstone, Miles},
  title          = {Building social cohesion through intergroup contact: evaluation of a large-scale intervention to improve intergroup relations among adolescents},
  eprint         = {PsyArXiv},
  doi            = {10.31234/osf.io/y7gw2},
  year           = {2020}
}