@article{pettigrew_meta-analytic_2006,
	title = {A meta-analytic test of intergroup contact theory.},
	volume = {90},
	issn = {1939-1315, 0022-3514},
	url = {http://doi.apa.org/getdoi.cfm?doi=10.1037/0022-3514.90.5.751},
	doi = {10.1037/0022-3514.90.5.751},
	language = {en},
	number = {5},
	urldate = {2020-08-19},
	journal = {Journal of Personality and Social Psychology},
	author = {Pettigrew, Thomas F. and Tropp, Linda R.},
	year = {2006},
	pages = {751--783}
}