% Encoding: UTF-8

@article{moher_prismap_2015,
  author = {Moher, David and Shamseer, Larissa and Clarke, Mike and Ghersi, Davina and Liberati, Alessandro and Petticrew, Mark and Shekelle, Paul and Stewart, Lesley A},
  year = {2015},
  title = {Preferred reporting items for systematic review and meta-analysis protocols ({PRISMA-P}) 2015 statement},
  journal = {Systematic Reviews},
  volume = {4},
  issue = {1},
  pages = {1--9},
  doi = {10.1186/2046-4053-4-1}  
}

@article{shamseer_prismap_2015,
  author = {Shamseer, Larissa and Moher, David and Clarke, Mike and Ghersi, Davina and Liberati, Alessandro and Petticrew, Mark and Shekelle, Paul and Stewart, Lesley A},
  year = {2015},
  title = {Preferred reporting items for systematic review and meta-analysis protocols ({PRISMA-P}) 2015: Elaboration and explanation},
  journal = {BMJ},
  volume = {349},
  pages = {g7647},
  doi = {10.1136/bmj.g7647}
}

@article{dixon_intergroup_2007,
  author = {Dixon, J. and Durrheim, K. and Tredoux, C.},
	year = {2007},
	title = {Intergroup contact and attitudes toward the principle and practice of racial equality},
	journal = {Psychological Science},
	volume = {18},
	pages = {867--872},
	doi = {10.1111/j.1467-9280.2007.01993.x}
}

@article{saguy_irony_2009,
  author = {Saguy, T. and Tausch, N. and Dovidio, John F. and Pratto, F.},
	year = {2009},
	title = {The irony of harmony: Intergroup contact can produce false expectations for equality},
	journal = {Psychological Science},
	volume = {20},
	pages = {114--121},
	doi = {10.1111/j.1467-9280.2008.02261.x}
}

@article{cakal_investigation_2011,
  title = {An investigation of the social identity model of collective action and the `sedative' effect of intergroup contact among {Black} and {White} students in {South Africa}},
  author = {Cakal, Huseyin and Hewstone, Miles and Schw{\"a}r, Gerhard and Heath, Anthony},
  journal = {British Journal of Social Psychology},
  volume = {50},
  pages = {606--627},
  year = {2011},
  doi = {10.1111/j.2044-8309.2011.02075.x}
}

@article{dovidio_reducing_2017,
  author = {Dovidio, John F. and Love, A. and Schellhaas, F. M. and Hewstone, M.},
  year = {2017},
  title = {Reducing intergroup bias through intergroup contact: Twenty years of progress and future directions},
  journal = {Group Processes \& Intergroup Relations}, 
  volume = {20},
  pages = {606--620},
  doi = {10.1177/1368430217712052}
}

@article{pettigrew_meta_2006,
	author = {Pettigrew, Thomas F. and Tropp, Linda R.},
	year = {2006},
	title = {A meta-analytic test of intergroup contact theory},
	journal = {Journal of Personality and Social Psychology},
	volume = {90},
	pages = {751--783},
	doi = {10.1037/0022-3514.90.5.751},
}

@article{tropp_meta_2005,
  title = {Relationships between intergroup contact and prejudice among minority and majority status groups},
  author = {Tropp, Linda R and Pettigrew, Thomas F},
  journal = {Psychological Science},
  volume = {16},
  pages = {951--957},
  year = {2005},
  doi = {10.1111/j.1467-9280.2005.01643.x}
}

@Misc{rstan_package,
	title = {{RStan}: The {R} interface to {Stan}},
	author = {{Stan Development Team}},
	note = {R package version 2.17.3},
	year = {2018},
	url = {http://mc-stan.org/},
}

@book{borenstein_introduction_2009,
  author = {Borenstein, M. and Hedges, L. V. and Higgins, J. P. T. and Rothstein, H. R},
  year = {2009},
  title = {Introduction to meta-analysis},
  publisher = {John Wiley \& Sons},
  address = {Chichester, UK}
}

@article{reicher_rethinking_2007,
  title = {Rethinking the paradigm of prejudice},
  author = {Reicher, Stephen},
  journal = {South African Journal of Psychology},
  volume = {37},
  pages = {820--834},
  year = {2007},
  doi = {10.1177/008124630703700410}
}

@article{dixon_beyond_2005,
  title = {Beyond the optimal contact strategy: A reality check for the contact hypothesis.},
  author = {Dixon, John and Durrheim, Kevin and Tredoux, Colin},
  journal = {American Psychologist},
  volume = {60},
  pages = {697--711},
  year = {2005},
  doi = {10.1037/0003-066X.60.7.697}
}

@article{mckeown_contact_2017,
  title = {The ``contact hypothesis'': Critical reflections and future directions},
  author = {McKeown, Shelley and Dixon, John},
  journal = {Social and Personality Psychology Compass},
  volume = {11},
  pages = {e12295},
  year = {2017},
  doi = {10.1111/spc3.12295}
}

@article{peterson_beta_2005,
  author = {Peterson, R. A. and Brown, S. P.},
  year = {2005},
  title = {On the Use of Beta Coefficients in Meta-Analysis},
  journal = {Journal of Applied Psychology},
  volume = {90},
  pages = {175--181},
  doi = {10.1037/0021-9010.90.1.175}
}

@article{gelman_prior_2017,
  author = {Gelman, A. and Simpson, D. and Betancourt, M.},
  year = {2017},
  title = {The prior can often only be understood in the context of the likelihood},
  journal = {Entropy}, 
  volume = {19},
  pages = {555},
  doi = {10.3390/e19100555}
}

@incollection{betancourt_hamilton_2015,
  title = {Hamiltonian {Monte Carlo} for hierarchical models},
  author = {Betancourt, Michael and Girolami, Mark},
  booktitle = {Current Trends in {Bayesian} Methodology with Applications},
  pages = {79--101},
  year = {2015},
  editor = {Upadhyay, S. K. and Singh, U. and Dey, D. K. and Longanathan, A.},
  address = {Boca Raton, FL},
  publisher = {CRC Press}
}

@article{richard_meta_2003,
  title = {One hundred years of social psychology quantitatively described},
  author = {Richard, F Dan and {Bond Jr.}, Charles F and Stokes-Zoota, Juli J},
  journal = {Review of General Psychology},
  volume = {7},
  pages = {331--363},
  year = {2003},
  doi = {10.1037/1089-2680.7.4.331}
}

@unpublished{williams_bayesian_2018,
  author = {Williams, D. R. and Rast, P. and Bürkner, P.},
  year = {2018},
  month = {January},
  day = {10},
  title = {Bayesian Meta-Analysis with Weakly Informative Prior Distributions},
  doi = {10.31234/osf.io/7tbrm}
}

@article{revtools_package,
  title = {revtools: Bibliographic data visualization for evidence synthesis in {R}},
  author = {Martin J. Westgate},
  year = {2018},
  journal = {bioArXiv},
  doi = {10.1101/262881},
}

@unpublished{carter_correcting_2017,
 title = {Correcting for bias in psychology: A comparison of meta-analytic methods},
 doi = {10.31234/osf.io/9h3nu},
 publisher = {PsyArXiv},
 author = {Carter, Evan C and Schönbrodt, Felix D and Gervais, Will M and Hilgard, Joseph},
 year = {2017},
 month = {May},
 day = {30}
}

@article{zomeren_toward_2008,
  title = {Toward an integrative social identity model of collective action: A quantitative research synthesis of three socio-psychological perspectives},
  author = {{van Zomeren}, Martijn and Postmes, T. and Spears, R.},
  journal = {Psychological Bulletin},
  volume = {134},
  pages = {504--535},
  year = {2008},
  doi = {10.1037/00332909.134.4.504}
}

@incollection{wright_collective_2010,
  author = {Wright, S. C.},
  editor = {Dovidio, John F. and Hewstone, M. and Glick, P. and Esses, V. M.},
  year = {2010},
  title = {Collective action and social change},
  booktitle = {The {SAGE} handbook of prejudice, stereotyping and discrimination},
  pages = {345--360},
  address = {London, UK},
  publisher = {SAGE Publications}
}

@incollection{wright_strategic_2001,
  author = {Wright, S. C.},
  year = {2001},
  title = {Strategic collective action: Social psychology and social change},
  editor = {R. Brown and S. L. Gaertner},
  booktitle = {Intergroup processes: Blackwell handbook of social psychology},
  volume = {4},
  pages = {409--430},
  address = {Oxford, UK},
  publisher = {Blackwell}
}

@unpublished{arslan_formr_2018,
  author = {Arslan, R. C. and Walther, M. and Tata, C.},
  year = {2018},
  month = {September},
  day = {4},
  title = {{formr}: A study framework allowing for automated feedback generation and complex longitudinal experience sampling studies using {R}},
  doi = {10.31234/osf.io/pjasu}    
}